@ARTICLE{PendryShurig-MicrowaveCloak,
    author = {Schurig, D. and Mock, J. J. and Justice, B. J. and Cummer, S. A. and Pendry, J. B. and Starr, A. F. and Smith, D. R.},
    title = {{Metamaterial Electromagnetic Cloak at Microwave Frequencies}},
    journal = {Science},
    year = {2006},
    volume = {314},
    pages = {977--980},
    number = {5801},
    publisher = {American Association for the Advancement of Science}
}

@article{Radial-Zhao,
    author  = {Argyropoulos C.,Yan Zhao, Yang Hao},
    title   = {A Radially-Dependent Dispersive Finite-Difference Time-Domain Method for the Evaluation of Electromagnetic Cloaks},
    journal = {IEEE Transactions on Antennas and Propagation},
    year    = 2009,
    month   = {May},
    volume  = 57,
    issue   = 5,
    pages   = {1432--1441},
}

@article{DNG-Ehud-Ziol,
    author  = {Ziolkowski, Richard W. and Heyman, Ehud},
    title   = {Wave Propagation in Media Having Negative Permittivity and Permeability},
    journal = {Physical Review},
    volume  = {64},
    year    = {2001},
    month   = {October},
    day     = {30},
}

@Book{JBSchneiderUFDTD,
    author       = {John B. Schneider},
    title        = {{Understanding the Finite Difference Time-Domain Method}},
    year         = {{2010}},
    Publisher    = "\url{www.eecs.wsu.edu/~schneidj/ufdtd}",
}