@ARTICLE{Yee1966,
    author  = {{Yee}, K.},
    title   = "{Numerical solution of inital boundary value problems involving maxwell's equations in isotropic media}",
    journal = {IEEE Transactions on Antennas and Propagation},
    year    = 1966,
    month   = may,
    volume  = 14,
    pages   = {302-307},
    doi     = {10.1109/TAP.1966.1138693},
    adsurl  = {http://adsabs.harvard.edu/abs/1966ITAP...14..302Y},
    adsnote = {Provided by the SAO/NASA Astrophysics Data System}
}

@Book{JBSchneiderUFDTD,
    author       = {John B. Schneider},
    title        = {{Understanding the Finite Difference Time-Domain Method}},
    year         = {{2010}},
    Publisher    = "\url{www.eecs.wsu.edu/~schneidj/ufdtd}",
}

@Book{Taflove2000,
    Day       = {{30}},
    Edition   = {{2nd}},
    Month     = {{jun}},
    Publisher = {{Artech House Publishers}},
    author    = {Taflove, Allen and Hagness, Susan C.},
    title     = {{Computational Electrodynamics: The Finite-Difference Time-Domain Method}},
    year      = {{2000}},
}

@article{Radial-Zhao,
    author  = {Argyropoulos C.,Yan Zhao, Yang Hao},
    title   = {A Radially-Dependent Dispersive Finite-Difference Time-Domain Method for the Evaluation of Electromagnetic Cloaks},
    journal = {IEEE Transactions on Antennas and Propagation},
    year    = 2009,
    month   = {May},
    volume  = 57,
    issue   = 5,
    pages   = {1432--1441},
}

@misc{Comsol-Metamaterial,
    howpublished = "\url{http://www.comsol.com/stories/cummer_metamaterial/full/}"
}

@misc{GPGPU-org,
    howpublished = "\url{http://gpgpu.org/}"
}

@misc{Wikipedia-Metamaterial,
    howpublished = "\url{http://en.wikipedia.org/wiki/Metamaterial}"
}