@ARTICLE{Yee1966,
    author  = {{Yee}, K.},
    title   = "{Numerical solution of inital boundary value problems involving maxwell's equations in isotropic media}",
    journal = {IEEE Transactions on Antennas and Propagation},
    year    = 1966,
    month   = may,
    volume  = 14,
    pages   = {302-307},
    doi     = {10.1109/TAP.1966.1138693},
    adsurl  = {http://adsabs.harvard.edu/abs/1966ITAP...14..302Y},
    adsnote = {Provided by the SAO/NASA Astrophysics Data System}
}

@Book{JBSchneiderUFDTD,
    author       = {John B. Schneider},
    title        = {{Understanding the Finite Difference Time-Domain Method}},
    year         = {{2010}},
    Publisher    = "\url{www.eecs.wsu.edu/~schneidj/ufdtd}",
}

@Book{Taflove2000,
    Day       = {{30}},
    Edition   = {{2nd}},
    Month     = {{jun}},
    Publisher = {{Artech House Publishers}},
    author    = {Taflove, Allen and Hagness, Susan C.},
    title     = {{Computational Electrodynamics: The Finite-Difference Time-Domain Method}},
    year      = {{2000}},
}

@ARTICLE{PendryShurig-MicrowaveCloak,
    author = {Schurig, D. and Mock, J. J. and Justice, B. J. and Cummer, S. A. and Pendry, J. B. and Starr, A. F. and Smith, D. R.},
    title = {{Metamaterial Electromagnetic Cloak at Microwave Frequencies}},
    journal = {Science},
    year = {2006},
    volume = {314},
    pages = {977--980},
    number = {5801},
    publisher = {American Association for the Advancement of Science}
}

@article{Radial-Zhao,
    author  = {Argyropoulos C.,Yan Zhao, Yang Hao},
    title   = {A Radially-Dependent Dispersive Finite-Difference Time-Domain Method for the Evaluation of Electromagnetic Cloaks},
    journal = {IEEE Transactions on Antennas and Propagation},
    year    = 2009,
    month   = {May},
    volume  = 57,
    issue   = 5,
    pages   = {1432--1441},
}

@article{NumericalFDTD-Sibel,
    author  = {S. Gündüz et al},
    title   = {Metamaterials and FDTD based Numerical Modeling Studies},
    journal = {ELECO},
    year    = {2007},
    month   = {Sep},
}

@article{DNG-Ehud-Ziol,
    author  = {Ziolkowski, Richard W. and Heyman, Ehud},
    title   = {Wave Propagation in Media Having Negative Permittivity and Permeability},
    journal = {Physical Review},
    volume  = {64},
    year    = {2001},
    month   = {October},
    day     = {30},
}

@misc{Comsol-Metamaterial,
    howpublished = "\url{http://www.comsol.com/stories/cummer_metamaterial/full/}"
}

@misc{GPGPU-org,
    howpublished = "\url{http://gpgpu.org/}"
}

@misc{Wikipedia-Metamaterial,
    howpublished = "\url{http://en.wikipedia.org/wiki/Metamaterial}"
}

@misc{Newelectronics-Metamaterial,
    howpublished = "\url{http://www.newelectronics.co.uk/electronics-technology/practical-applications-for-metamaterials-beyond-the-invisibility-cloak/33645/}"
}

@misc{Ref:Geforce6-wiki,
    howpublished = "\url{http://en.wikipedia.org/wiki/GeForce_6_Series}"
}

@misc{Ref:Unified-Shader-Architecture-devmaster.net,
    howpublished = "\url{http://devmaster.net/posts/498/graphics-in-2005-and-beyond-a-unified-shader-architecture}"
}

@misc{Ref:Unified-Shader-Model-wiki,
    howpublished = "\url{http://en.wikipedia.org/wiki/Unified_shader_model}"
}
